@inproceedings{achi_2017_wachtel,
	author		= "Alexander Wachtel and Jonas Klamroth and and Walter F. Tichy",
	title		= "Natural Language User Interface For Software Engineering Tasks",
	booktitle	= "Proceedings of the International Conference on Advances in Computer-Human Interactions (ACHI)",
	volume		= "10",
	pages		= "34-39",
	year		= "2017"
}